@article{del1999representacion,
  title={La representacion de rotaciones mediante cuaterniones},
  author={del Castillo, GF Torres},
  journal={Miscelanea Matemtica},
  pages={43--50},
  year={1999}
}