@article{gonzalez2008euler,
  title={Euler y la Geometr{\'\i}a Anal{\'\i}tica},
  author={Gonz{\'a}lez Urbaneja, Pedro Miguel},
  journal={Quaderns d'hist{\`o}ria de l'enginyeria},
  volume={9},
  pages={83--116},
  year={2008},
  publisher={Centre de recerca per a la Hist{\`o}ria de la T{\`e}cnica" Francesc Santpon{\c{c}} i Roca~?}
}