@inproceedings{zabalza2007aplicaciones,
  title={Aplicaciones actuales de los robots paralelos},
  author={Zabalza, Isidro and Ros, Javier},
  booktitle={8th Latin American Congress of Mechanical Engineering. Cusco, Per{\'u}},
  volume={3},
  number={9},
  year={2007}
} \\

@article{aracil2010robots,
  title={Robots paralelos: M{\'a}quinas con un pasado para una rob{\'o}tica del futuro},
  author={Aracil, Rafael and Saltar{\'e}n, Roque J and Sabater, Jos{\'e} M{\textordfeminine} and Reinoso, Oscar},
  journal={Revista iberoamericana de autom{\'a}tica e inform{\'a}tica industrial},
  volume={3},
  number={1},
  pages={16--28},
  year={2010}
}