@article{vele2005cinematica,
  title={Cinematica inversa de un robot bipedo},
  author={Vele, Oscar Luis},
  journal={Cuenca-Ecuador, Noviembre},
  year={2005}
}\\ 

@article{giraldo2006cinematica,
  title={Cinem{\'a}tica inversa de un brazo robot utilizando algoritmos gen{\'e}ticos},
  author={Giraldo, Luis Felipe and Delgado, Edilson and Castellanos, Germ{\'a}n},
  journal={Revista Avances en Sistemas e Inform{\'a}tica},
  volume={3},
  number={1},
  pages={29--34},
  year={2006},
  publisher={Universidad Nacional de Colombia}
}